@article{Burch_2002,
 author = {Burch, Carl},
 title = {Logisim: A Graphical System for Logic Circuit Design and Simulation},
 journal = {J. Educ. Resour. Comput.},
 issue_date = {March 2002},
 volume = {2},
 number = {1},
 month = mar,
 year = {2002},
 issn = {1531-4278},
 pages = {5--16},
 numpages = {12},
 url = {http://doi.acm.org/10.1145/545197.545199},
 doi = {10.1145/545197.545199},
 acmid = {545199},
 publisher = {ACM},
 address = {New York, NY, USA},
 keywords = {Circuit simulation, digital logic, education},
} 


@book{Hennessy_2006,
 author = {Hennessy, John L. and Patterson, David A.},
 title = {Computer Architecture, Fourth Edition: A Quantitative Approach},
 year = {2006},
 isbn = {0123704901},
 publisher = {Morgan Kaufmann Publishers Inc.},
 address = {San Francisco, CA, USA},
} 


@book{Stallings:2005:COA:1206425,
 author = {Stallings, William},
 title = {Computer Organization and Architecture: Designing for Performance (7th Edition)},
 year = {2005},
 isbn = {0131856448},
 publisher = {Prentice-Hall, Inc.},
 address = {Upper Saddle River, NJ, USA},
} 